<record><leader>00000cas a22000007a 4500</leader><controlfield tag="001">41400908</controlfield><controlfield tag="008">990520d18931uuuncudn ne      0    0eng d</controlfield><datafield ind1=" " ind2=" " tag="010"><subfield code="a">sn 99061515 </subfield></datafield><datafield ind1=" " ind2=" " tag="040"><subfield code="a">NVJ</subfield><subfield code="b">eng</subfield><subfield code="c">NVJ</subfield><subfield code="d">OCLCQ</subfield><subfield code="d">OCLCO</subfield><subfield code="d">OCLCF</subfield></datafield><datafield ind1=" " ind2=" " tag="042"><subfield code="a">msc</subfield></datafield><datafield ind1=" " ind2=" " tag="043"><subfield code="a">n-us-nc</subfield></datafield><datafield ind1="0" ind2=" " tag="130"><subfield code="a">Daily world (Winston, N.C.)</subfield></datafield><datafield ind1="1" ind2="4" tag="245"><subfield code="a">The daily world.</subfield></datafield><datafield ind1=" " ind2=" " tag="260"><subfield code="a">Winston, N.C. :</subfield><subfield code="b">World Pub. Co.</subfield></datafield><datafield ind1=" " ind2=" " tag="300"><subfield code="a">v.</subfield></datafield><datafield ind1=" " ind2=" " tag="310"><subfield code="a">Daily (except Sunday)</subfield></datafield><datafield ind1=" " ind2=" " tag="588"><subfield code="a">Description based on: Vol. 1, no. 63 (Feb. 1, 1894).</subfield></datafield><datafield ind1=" " ind2="0" tag="651"><subfield code="a">Winston (N.C.)</subfield><subfield code="v">Newspapers.</subfield></datafield><datafield ind1=" " ind2="0" tag="651"><subfield code="a">Forsyth County (N.C.)</subfield><subfield code="v">Newspapers.</subfield></datafield><datafield ind1=" " ind2="7" tag="651"><subfield code="a">North Carolina</subfield><subfield code="z">Forsyth County.</subfield><subfield code="2">fast</subfield><subfield code="0">(OCoLC)fst01207435</subfield></datafield><datafield ind1=" " ind2="7" tag="651"><subfield code="a">North Carolina</subfield><subfield code="z">Winston-Salem.</subfield><subfield code="2">fast</subfield><subfield code="0">(OCoLC)fst01206125</subfield></datafield><datafield ind1=" " ind2="7" tag="655"><subfield code="a">Newspapers.</subfield><subfield code="2">fast</subfield><subfield code="0">(OCoLC)fst01423814</subfield></datafield><datafield ind1=" " ind2=" " tag="752"><subfield code="a">United States</subfield><subfield code="b">North Carolina</subfield><subfield code="c">Forsyth</subfield><subfield code="d">Winston-Salem.</subfield></datafield><datafield ind1=" " ind2=" " tag="752"><subfield code="a">United States</subfield><subfield code="b">North Carolina</subfield><subfield code="c">Forsyth</subfield><subfield code="d">Winston.</subfield></datafield></record>